@article{xiao2019resisting,
  title={Resisting Adversarial Attacks by $ k $-Winners-Take-All},
  author={Xiao, Chang and Zhong, Peilin and Zheng, Changxi},
  journal={arXiv preprint arXiv:1905.10510},
  year={2019}
}